<?xml version="1.0" encoding="UTF-8" ?><marc:collection xmlns:marc="http://www.loc.gov/MARC21/slim" xmlns:xsi="http://www.w3.org/2001/XMLSchema-instance" xsi:schemaLocation="http://www.loc.gov/MARC21/slim http://www.loc.gov/standards/marcxml/schema/MARC21slim.xsd">
<marc:record><marc:leader>03412cam a2200469Mi 4500</marc:leader>
<marc:controlfield tag="001">b11403408</marc:controlfield>
<marc:controlfield tag="003">UaCaAUL</marc:controlfield><marc:controlfield tag="005">20180222021236.0</marc:controlfield><marc:controlfield tag="008">010614s1904    ua            000 0 ara d</marc:controlfield><marc:datafield tag="035" ind1=" " ind2=" "><marc:subfield code="a">(OCoLC)122779424</marc:subfield></marc:datafield><marc:datafield tag="040" ind1=" " ind2=" "><marc:subfield code="a">UkDhU</marc:subfield><marc:subfield code="b">eng</marc:subfield><marc:subfield code="e">rda</marc:subfield><marc:subfield code="c">DHA</marc:subfield><marc:subfield code="d">OCLCG</marc:subfield><marc:subfield code="d">OCLCA</marc:subfield><marc:subfield code="d">OCLCF</marc:subfield><marc:subfield code="d">OCLCO</marc:subfield><marc:subfield code="d">OCLCQ</marc:subfield><marc:subfield code="d">DHA</marc:subfield><marc:subfield code="d">OCLCO</marc:subfield><marc:subfield code="d">MEAUC</marc:subfield></marc:datafield><marc:datafield tag="049" ind1=" " ind2=" "><marc:subfield code="a">MAIN</marc:subfield></marc:datafield><marc:datafield tag="050" ind1=" " ind2="4"><marc:subfield code="a">BP189.26.I25</marc:subfield><marc:subfield code="b">A22 1904</marc:subfield></marc:datafield><marc:datafield tag="066" ind1=" " ind2=" "><marc:subfield code="c">(3</marc:subfield></marc:datafield><marc:datafield tag="090" ind1=" " ind2=" "><marc:subfield code="a">BP189.26.I25</marc:subfield><marc:subfield code="b">A22 1904</marc:subfield></marc:datafield><marc:datafield tag="100" ind1="0" ind2=" "><marc:subfield code="6">880-01</marc:subfield><marc:subfield code="a">ʻAbd al-Razzāq al-Qāshānī,</marc:subfield><marc:subfield code="d">-1330.</marc:subfield></marc:datafield><marc:datafield tag="240" ind1="1" ind2="0"><marc:subfield code="6">880-02</marc:subfield><marc:subfield code="a">Fuṣūṣ al-ḥikam.</marc:subfield></marc:datafield><marc:datafield tag="245" ind1="1" ind2="0"><marc:subfield code="6">880-03</marc:subfield><marc:subfield code="a">Hādhā Kitāb sharḥ al-ustādh al-fāḍil wa-al-ʻālim al-kāmil al-Shaykh ʻAbd al-Razzāq al-Qāshānī ʻalá Fuṣūṣ al-ḥikam lil-ustādh al-akbar al-Shaykh Muḥyī al-Dīn ibn al-ʻArabī, taghammadahumā Allāh bi-al-raḥmah wa-al-raḍwān wa-askanahumā aʻlá farādīs al-jinān, āmīn.</marc:subfield></marc:datafield><marc:datafield tag="246" ind1="3" ind2="0"><marc:subfield code="6">880-04</marc:subfield><marc:subfield code="a">Kitāb sharḥ al-ustādh al-fāḍil wa-al-ʻālim al-kāmil al-Shaykh ʻAbd al-Razzāq al-Qāshānī ʻalá Fuṣūṣ al-ḥikam.</marc:subfield></marc:datafield><marc:datafield tag="246" ind1="3" ind2="0"><marc:subfield code="6">880-05</marc:subfield><marc:subfield code="a">Sharḥ al-ustādh al-fāḍil wa-al-ʻālim al-kāmil al-Shaykh ʻAbd al-Razzāq al-Qāshānī ʻalá Fuṣūṣ al-ḥikam.</marc:subfield></marc:datafield><marc:datafield tag="264" ind1=" " ind2="1"><marc:subfield code="6">880-06</marc:subfield><marc:subfield code="a">Miṣr :</marc:subfield><marc:subfield code="b">ṭubiʻa bi-al-Maṭbaʻah al-Maymanīyah, ʻalá nafaqat aṣḥābihā (Muṣṭfá al-Bābī al-Ḥakabī wa-akhawayhi Bakrī wa-ʻĪsá) bi-Miṣr,</marc:subfield><marc:subfield code="c">1321 [1904]</marc:subfield></marc:datafield><marc:datafield tag="300" ind1=" " ind2=" "><marc:subfield code="a">284 pages ;</marc:subfield><marc:subfield code="c">25 cm.</marc:subfield></marc:datafield><marc:datafield tag="336" ind1=" " ind2=" "><marc:subfield code="a">text</marc:subfield><marc:subfield code="b">txt</marc:subfield><marc:subfield code="2">rdacontent.</marc:subfield></marc:datafield><marc:datafield tag="337" ind1=" " ind2=" "><marc:subfield code="a">unmediated</marc:subfield><marc:subfield code="b">n</marc:subfield><marc:subfield code="2">rdamedia.</marc:subfield></marc:datafield><marc:datafield tag="338" ind1=" " ind2=" "><marc:subfield code="a">volume</marc:subfield><marc:subfield code="b">nc</marc:subfield><marc:subfield code="2">rdacarrier.</marc:subfield></marc:datafield><marc:datafield tag="500" ind1=" " ind2=" "><marc:subfield code="6">880-07</marc:subfield><marc:subfield code="a">&quot;Wa-bi-asfal kull ṣaḥīfah ḥall al-mawāḍiʻ al-khafīyah min sharḥ Bālī Afandī.&quot;</marc:subfield></marc:datafield><marc:datafield tag="500" ind1=" " ind2=" "><marc:subfield code="6">880-08</marc:subfield><marc:subfield code="a">Colophon dated, Shahr Dhī al-Qiʻdah sanat 1321 Hijrīyah.</marc:subfield></marc:datafield><marc:datafield tag="600" ind1="0" ind2="0"><marc:subfield code="6">880-09</marc:subfield><marc:subfield code="a">Ibn al-ʻArabī,</marc:subfield><marc:subfield code="d">1165-1240.</marc:subfield><marc:subfield code="t">Fuṣūṣ al-ḥikam.</marc:subfield></marc:datafield><marc:datafield tag="650" ind1=" " ind2="0"><marc:subfield code="a">Sufism</marc:subfield><marc:subfield code="v">Early works to 1800.</marc:subfield></marc:datafield><marc:datafield tag="880" ind1="0" ind2=" "><marc:subfield code="6">100-01/(3/r</marc:subfield><marc:subfield code="a">عبد الرزاق القاشاني،‪</marc:subfield><marc:subfield code="d">- 1330.</marc:subfield></marc:datafield><marc:datafield tag="880" ind1="1" ind2="0"><marc:subfield code="6">240-02/(3/r</marc:subfield><marc:subfield code="a">فصوص الحكم.‪</marc:subfield></marc:datafield><marc:datafield tag="880" ind1="1" ind2="0"><marc:subfield code="6">245-03/(3/r</marc:subfield><marc:subfield code="a">هذا كتاب شرح الاستاذ الفاضل والعالم الكامل الشيخ عبد الرزاق القاشاني على فصوص الحكم للاستاذ الاكبر الشيخ محيي الدين بن العربي، تغمدهما الله بالرحمة والرضوان وأسكنهما أعلى فراديس الجنان، آمين..‪</marc:subfield></marc:datafield><marc:datafield tag="880" ind1="3" ind2="0"><marc:subfield code="6">246-04/(3/r</marc:subfield><marc:subfield code="a">كتاب شرح الاستاذ الفاضل والعالم الكامل الشيخ عبد الرزاق القاشاني على فصوص الحكم.‪</marc:subfield></marc:datafield><marc:datafield tag="880" ind1="3" ind2="0"><marc:subfield code="6">246-05/(3/r</marc:subfield><marc:subfield code="a">شرح الاستاذ الفاضل والعالم الكامل الشيخ عبد الرزاق القاشاني على فصوص الحكم.‪</marc:subfield></marc:datafield><marc:datafield tag="880" ind1=" " ind2="1"><marc:subfield code="6">264-06/(3/r</marc:subfield><marc:subfield code="a">مصر :‪</marc:subfield><marc:subfield code="b">طبع بالمطبعة الميمنية، على نفقة اصحابها (مصطفى البابي الحكبي واخويه بكري وعيسى) بمصر،‪</marc:subfield><marc:subfield code="c">1321 [1904]</marc:subfield></marc:datafield><marc:datafield tag="880" ind1=" " ind2=" "><marc:subfield code="6">500-07/(3/r</marc:subfield><marc:subfield code="a">&quot;وباسفل كل صحيفة حل المواضع الخفية من شرح بالي افندي.&quot;.‪</marc:subfield></marc:datafield><marc:datafield tag="880" ind1=" " ind2=" "><marc:subfield code="6">500-08/(3/r</marc:subfield><marc:subfield code="a">Colophon dated, شهر ذي القعدة سنة 1321 هجرية..‪</marc:subfield></marc:datafield><marc:datafield tag="880" ind1="0" ind2="4"><marc:subfield code="6">600-09/(3/r</marc:subfield><marc:subfield code="a">ابن العربي.‪</marc:subfield><marc:subfield code="t">فصوص الحكم..‪</marc:subfield></marc:datafield><marc:datafield tag="907" ind1=" " ind2=" "><marc:subfield code="a">.b11403408</marc:subfield><marc:subfield code="b">main </marc:subfield></marc:datafield><marc:datafield tag="902" ind1=" " ind2=" "><marc:subfield code="a">181011</marc:subfield></marc:datafield><marc:datafield tag="998" ind1=" " ind2=" "><marc:subfield code="b">1</marc:subfield><marc:subfield code="c">080212</marc:subfield><marc:subfield code="d">m</marc:subfield><marc:subfield code="e">a</marc:subfield><marc:subfield code="f">-</marc:subfield><marc:subfield code="g">0</marc:subfield><marc:subfield code="k">TA</marc:subfield></marc:datafield><marc:datafield tag="945" ind1=" " ind2=" "><marc:subfield code="l">main </marc:subfield></marc:datafield></marc:record>
</marc:collection>
